@inproceedings{10.5555/3237383.3237452,
author = {Toro Icarte, Rodrigo and Klassen, Toryn Q. and Valenzano, Richard and McIlraith, Sheila A.},
title = {Teaching Multiple Tasks to an RL Agent Using LTL},
year = {2018},
publisher = {International Foundation for Autonomous Agents and Multiagent Systems},
address = {Richland, SC},
booktitle = {Proceedings of the 17th International Conference on Autonomous Agents and MultiAgent Systems},
pages = {452–461},
numpages = {10},
keywords = {task specification, deep rl, task decomposition, ltl},
location = {Stockholm, Sweden},
series = {AAMAS ’18}
}

@inproceedings{de2019foundations,
  title={Foundations for restraining bolts: Reinforcement learning with LTLf/LDLf restraining specifications},
  author={De Giacomo, Giuseppe and Iocchi, Luca and Favorito, Marco and Patrizi, Fabio},
  booktitle={Proceedings of the International Conference on Automated Planning and Scheduling},
  volume={29},
  number={1},
  pages={128--136},
  year={2019}
}

@inproceedings{alshiekh2018safe,
  title={Safe reinforcement learning via shielding},
  author={Alshiekh, Mohammed and Bloem, Roderick and Ehlers, R{\"u}diger and K{\"o}nighofer, Bettina and Niekum, Scott and Topcu, Ufuk},
  booktitle={Thirty-Second AAAI Conference on Artificial Intelligence},
  year={2018}
}