@article{leike2017ai,
  title={Ai safety gridworlds},
  author={Leike, Jan and Martic, Miljan and Krakovna, Victoria and Ortega, Pedro A and Everitt, Tom and Lefrancq, Andrew and Orseau, Laurent and Legg, Shane},
  journal={arXiv preprint arXiv:1711.09883},
  year={2017}
}